@misc{regression-metrics,
    author = {GeeksforGeeks},
    title  = {Regression Metrics}, 
    howpublished = {\url{https://www.geeksforgeeks.org/regression-metrics}}, 
    year = {2025},
}
@misc{repo,
    author = {Ha Duong and Hoang Trung and Duc Tai and Minh Trung},
    title = {{Math for AI - MTH00056, AI23@HCMUS}},
    howpublished = {\url{https://github.com/ductai05/Math-For-AI/}},
    year = {2025},
}

@article{benoit2011linear,
  title={Linear regression models with logarithmic transformations},
  author={Benoit, Kenneth},
  journal={London School of Economics, London},
  volume={22},
  number={1},
  pages={23--36},
  year={2011}
}

@article{brownlee2020use,
  title={How to use standardscaler and minmaxscaler transforms in python},
  author={Brownlee, Jason},
  journal={Machine Learning Mastery},
  volume={10},
  pages={10},
  year={2020},
  publisher={Guiding Tech Media}
}

@book{xstk,
  author    = {NTM Ngoc and NV Thin and NTH Nhung and ND Minh},
  title     = {Giáo trình bài tập Xác suất thống kê},
  publisher = {Nhà xuất bản Đại học Quốc gia TP.HCM},
  year      = {2022},
  address   = {HCMC},
  edition   = {1st},
  isbn      = {987-604-73-9115-8},
}

@book{vtp2,
  author    = {Lý Kim Hà and Nguyễn Vũ Huy and Bùi Lê Trọng Thanh and Nguyễn Thị Thu Vân and Huỳnh Quang Vũ and Lê Văn Chánh and Hồ Thị Kim Vân and Nguyễn Hoàng Hải},
  title     = {Giáo trình Vi tích phân 2},
  publisher = {Bộ môn Giải tích, khoa Toán - Tin học, trường Đại học Khoa học tự nhiên - ĐHQG.HCM},
  year      = {2025},
  address   = {HCMC},
  edition   = {18-3-2025},
  note      = {\url{https://drive.google.com/file/d/1Td7-zDZYFdop6f1IXvsPO0S4Cxc7ccd3}}
}
@misc{mlcoban-feature-engineering,
    author = {Machine Learning Cơ Bản},
    title  = {Feature Engineering},
    howpublished = {\url{https://machinelearningcoban.com/general/2017/02/06/featureengineering/}},
    year = {2017}
}

@misc{wikipedia-normal-distribution,
    author = {Wikipedia},
    title  = {Phân phối chuẩn},
    howpublished = {\url{https://vi.wikipedia.org/wiki/Ph%C3%A2n_ph%E1%BB%91i_chu%E1%BA%A9n}}
}

@misc{ndquy-scaling-methods,
    author = {Nguyễn Đình Quý},
    title  = {Các phương pháp scaling},
    howpublished = {\url{https://ndquy.github.io/posts/cac-phuong-phap-scaling/}}
}

@misc{thongke-descriptive-statistics,
    author = {Trung tâm Thông tin Khoa học và Công nghệ TP.HCM},
    title  = {Thống kê mô tả trong nghiên cứu},
    howpublished = {\url{https://thongke.cesti.gov.vn/dich-vu-thong-ke/tai-lieu-phan-tich-thong-ke/861-thong-ke-mo-ta-trong-nghien-cuu-dai-luong-tuong-quan}}
}

@book{deisenroth2020mathematics,
  title={Mathematics for machine learning},
  author={Deisenroth, Marc Peter and Faisal, A Aldo and Ong, Cheng Soon},
  year={2020},
  publisher={Cambridge University Press}
}

@misc{mlcoban-linear-regression,
    author = {Machine Learning Cơ Bản},
    title  = {Hồi quy tuyến tính},
    howpublished = {\url{https://machinelearningcoban.com/2016/12/28/linearregression/}},
    year = {2016}
}

@misc{mlcoban-gradient-descent,
    author = {Machine Learning Cơ Bản},
    title  = {Gradient Descent},
    howpublished = {\url{https://machinelearningcoban.com/2017/01/12/gradientdescent/}},
    year = {2017}
}

@misc{csstudyfun-convergence,
    author = {CS Study Fun},
    title  = {Tốc độ hội tụ},
    howpublished = {\href{https://csstudyfun.wordpress.com/tag/t%E1%BB%91c-d%E1%BB%99-h%E1%BB%99i-t%E1%BB%A5/}{https://csstudyfun.wordpress.com/tag/tốc-dộ-hội-tụ/}}
}

@misc{phamkhanh-ridge-regression,
    author = {Phạm Đình Khánh},
    title  = {Ridge Regression},
    howpublished = {\url{https://phamdinhkhanh.github.io/deepai-book/ch_ml/RidgedRegression.html}}
}

@misc{mlcoban-pca,
    author = {Machine Learning Cơ Bản},
    title  = {{Phân tích thành phần chính (PCA)}},
    howpublished = {\url{https://machinelearningcoban.com/2017/06/15/pca/}},
    year = {2017}
}

@article{ostertagova2012modelling,
  title={Modelling using polynomial regression},
  author={Ostertagov{\'a}, Eva},
  journal={Procedia engineering},
  volume={48},
  pages={500--506},
  year={2012},
  publisher={Elsevier}
}

@misc{geeksforgeeks-ml,
    author = {GeeksforGeeks},
    title  = {Multiple Linear Regression using Python},
    howpublished = {\url{https://www.geeksforgeeks.org/ml-multiple-linear-regression-using-python/}}
}

@misc{kaggle-standardization,
    author = {ARYAN GULATI},
    title  = {Standardization (What Is and Why To Standardize Data},
    howpublished = {\url{https://www.kaggle.com/discussions/general/221956}}
}

@misc{youtube-standardization-normalization,
    author = {Normalized Nerd},
    title  = {Standardization vs Normalization Clearly Explained!},
    howpublished = {\url{https://youtu.be/sxEqtjLC0aM?si=fn54TjtX-FM9U6MQ}}
}

@misc{stackexchange-lasso,
    author = {Xavier Bourret Sicotte},
    title  = {Coordinate descent soft-thresholding update operator for LASSO},
    howpublished = {\url{https://stats.stackexchange.com/questions/123672/coordinate-descent-soft-thresholding-update-operator-for-lasso}}
}

