@article{fisher1936use,
  title={The use of multiple measurements in taxonomic problems},
  author={Fisher, Ronald A},
  journal={Annals of eugenics},
  volume={7},
  number={2},
  pages={179--188},
  year={1936},
  publisher={Wiley Online Library}
}

@article{DiMartino2017abideII,
  title        = {Enhancing studies of the connectome in autism using the autism brain imaging data exchange II},
  author       = {Di Martino, Adriana and O'Connor, Daniel and Chen, Betty and Alaerts, Kaat and Anderson, Jeffrey S. and Assaf, Michal and Balsters, Joshua H. and Baxter, Leslie and Bernhardt, Boris C. and Blanken, Laura M.E. and {others}},
  journal      = {Scientific Data},
  volume       = {4},
  number       = {1},
  pages        = {1--13},
  year         = {2017},
  publisher    = {Nature Publishing Group},
  doi          = {10.1038/sdata.2017.10},
  url          = {https://doi.org/10.1038/sdata.2017.10},
  articleno    = {170010}
}

@article{huynh2024use,
  title={The use of generative adversarial network and graph convolution network for neuroimaging-based diagnostic classification},
  author={Huynh, Nguyen and Yan, Da and Ma, Yueen and Wu, Shengbin and Long, Cheng and Sami, Mirza Tanzim and Almudaifer, Abdullateef and Jiang, Zhe and Chen, Haiquan and Dretsch, Michael N and others},
  journal={Brain Sciences},
  volume={14},
  number={5},
  pages={456},
  year={2024},
  publisher={MDPI}
}

@misc{repo,
    author = {Ha Duong and Hoang Trung and Duc Tai and Minh Trung},
    title = {{Math for AI - MTH00056, AI23@HCMUS}},
    howpublished = {\url{https://github.com/ductai05/Math-For-AI/}},
    year = {2025},
}


@article{brownlee2020use,
  title={How to use standardscaler and minmaxscaler transforms in python},
  author={Brownlee, Jason},
  journal={Machine Learning Mastery},
  volume={10},
  pages={10},
  year={2020},
  publisher={Guiding Tech Media}
}

@book{xstk,
  author    = {NTM Ngoc and NV Thin and NTH Nhung and ND Minh},
  title     = {Giáo trình bài tập Xác suất thống kê},
  publisher = {Nhà xuất bản Đại học Quốc gia TP.HCM},
  year      = {2022},
  address   = {HCMC},
  edition   = {1st},
  isbn      = {987-604-73-9115-8},
}

@book{vtp2,
  author    = {Lý Kim Hà and Nguyễn Vũ Huy and Bùi Lê Trọng Thanh and Nguyễn Thị Thu Vân and Huỳnh Quang Vũ and Lê Văn Chánh and Hồ Thị Kim Vân and Nguyễn Hoàng Hải},
  title     = {Giáo trình Vi tích phân 2},
  publisher = {Bộ môn Giải tích, khoa Toán - Tin học, trường Đại học Khoa học tự nhiên - ĐHQG.HCM},
  year      = {2025},
  address   = {HCMC},
  edition   = {18-3-2025},
  note      = {\url{https://drive.google.com/file/d/1Td7-zDZYFdop6f1IXvsPO0S4Cxc7ccd3}}
}
@misc{mlcoban-feature-engineering,
    author = {Machine Learning Cơ Bản},
    title  = {Feature Engineering},
    howpublished = {\url{https://machinelearningcoban.com/general/2017/02/06/featureengineering/}},
    year = {2017}
}


@misc{ndquy-scaling-methods,
    author = {Nguyễn Đình Quý},
    title  = {Các phương pháp scaling},
    howpublished = {\url{https://ndquy.github.io/posts/cac-phuong-phap-scaling/}}
}

@misc{thongke-descriptive-statistics,
    author = {Trung tâm Thông tin Khoa học và Công nghệ TP.HCM},
    title  = {Thống kê mô tả trong nghiên cứu},
    howpublished = {\url{https://thongke.cesti.gov.vn/dich-vu-thong-ke/tai-lieu-phan-tich-thong-ke/861-thong-ke-mo-ta-trong-nghien-cuu-dai-luong-tuong-quan}}
}

@book{deisenroth2020mathematics,
  title={Mathematics for machine learning},
  author={Deisenroth, Marc Peter and Faisal, A Aldo and Ong, Cheng Soon},
  year={2020},
  publisher={Cambridge University Press}
}




@misc{mlcoban-pca,
    author = {Machine Learning Cơ Bản},
    title  = {{Phân tích thành phần chính (PCA)}},
    howpublished = {\url{https://machinelearningcoban.com/2017/06/15/pca/}},
    year = {2017}
}




